@misc{berners1998semantic,
  title={Semantic web road map},
  author={Berners-Lee, Tim and others},
  year={1998}
}

@article{bizer2009linked,
  title={Linked data-the story so far},
  author={Bizer, Christian and Heath, Tom and Berners-Lee, Tim},
  journal={Semantic Services, Interoperability and Web Applications: Emerging Concepts},
  pages={205--227},
  year={2009}
}

@inproceedings{suchanek2007yago,
  title={Yago: a core of semantic knowledge},
  author={Suchanek, Fabian M and Kasneci, Gjergji and Weikum, Gerhard},
  booktitle={Proceedings of the 16th international conference on World Wide Web},
  pages={697--706},
  year={2007},
  organization={ACM}
}

@article{suchanek2008yago,
  title={Yago: A large ontology from wikipedia and wordnet},
  author={Suchanek, Fabian M and Kasneci, Gjergji and Weikum, Gerhard},
  journal={Web Semantics: Science, Services and Agents on the World Wide Web},
  volume={6},
  number={3},
  pages={203--217},
  year={2008},
  publisher={Elsevier}
}

@article{hoffart2013yago2,
  title={YAGO2: A spatially and temporally enhanced knowledge base from Wikipedia},
  author={Hoffart, Johannes and Suchanek, Fabian M and Berberich, Klaus and Weikum, Gerhard},
  journal={Artificial Intelligence},
  volume={194},
  pages={28--61},
  year={2013},
  publisher={Elsevier}
}

@inproceedings{mahdisoltani2014yago3,
  title={Yago3: A knowledge base from multilingual wikipedias},
  author={Mahdisoltani, Farzaneh and Biega, Joanna and Suchanek, Fabian},
  booktitle={7th Biennial Conference on Innovative Data Systems Research},
  year={2014},
  organization={CIDR Conference}
}

@book{auer2007dbpedia,
  title={Dbpedia: A nucleus for a web of open data},
  author={Auer, S{\"o}ren and Bizer, Christian and Kobilarov, Georgi and Lehmann, Jens and Cyganiak, Richard and Ives, Zachary},
  year={2007},
  publisher={Springer}
}

@article{bizer2009dbpedia,
  title={DBpedia-A crystallization point for the Web of Data},
  author={Bizer, Christian and Lehmann, Jens and Kobilarov, Georgi and Auer, S{\"o}ren and Becker, Christian and Cyganiak, Richard and Hellmann, Sebastian},
  journal={Web Semantics: science, services and agents on the world wide web},
  volume={7},
  number={3},
  pages={154--165},
  year={2009},
  publisher={Elsevier}
}

@article{lehmann2015dbpedia,
  title={DBpedia--a large-scale, multilingual knowledge base extracted from Wikipedia},
  author={Lehmann, Jens and Isele, Robert and Jakob, Max and Jentzsch, Anja and Kontokostas, Dimitris and Mendes, Pablo N and Hellmann, Sebastian and Morsey, Mohamed and van Kleef, Patrick and Auer, S{\"o}ren and others},
  journal={Semantic Web},
  volume={6},
  number={2},
  pages={167--195},
  year={2015},
  publisher={IOS Press}
}

@inproceedings{bollacker2008freebase,
  title={Freebase: a collaboratively created graph database for structuring human knowledge},
  author={Bollacker, Kurt and Evans, Colin and Paritosh, Praveen and Sturge, Tim and Taylor, Jamie},
  booktitle={Proceedings of the 2008 ACM SIGMOD international conference on Management of data},
  pages={1247--1250},
  year={2008},
  organization={ACM}
}

@article{vrandevcic2014wikidata,
  title={Wikidata: a free collaborative knowledgebase},
  author={Vrande{\v{c}}i{\'c}, Denny and Kr{\"o}tzsch, Markus},
  journal={Communications of the ACM},
  volume={57},
  number={10},
  pages={78--85},
  year={2014},
  publisher={ACM}
}

@incollection{erxleben2014introducing,
  title={Introducing Wikidata to the linked data web},
  author={Erxleben, Fredo and G{\"u}nther, Michael and Kr{\"o}tzsch, Markus and Mendez, Julian and Vrande{\v{c}}i{\'c}, Denny},
  booktitle={The Semantic Web--ISWC 2014},
  pages={50--65},
  year={2014},
  publisher={Springer}
}

@inproceedings{hassanzadeh2009linked,
  title={Linked Movie Data Base.},
  author={Hassanzadeh, Oktie and Consens, Mariano P},
  booktitle={LDOW},
  year={2009}
}

@article{suchanek2014knowledge,
  title={Knowledge bases in the age of big data analytics},
  author={Suchanek, Fabian M and Weikum, Gerhard},
  journal={Proceedings of the VLDB Endowment},
  volume={7},
  number={13},
  pages={1713--1714},
  year={2014},
  publisher={VLDB Endowment}
}

@article{王巍巍2016双语影视知识图谱的构建研究,
  title={双语影视知识图谱的构建研究},
  author={王巍巍 and 王志刚 and 潘亮铭 and 刘阳 and 张江涛},
  journal={北京大学学报 (自然科学版)},
  volume={52},
  number={1},
  pages={25--34},
  year={2016}
}

@article{boyce2007developing,
  title={Developing domain ontologies for course content},
  author={Boyce, Sin{\'e}ad and Pahl, Claus},
  journal={Educational Technology \& Society},
  volume={10},
  number={3},
  pages={275--288},
  year={2007},
  publisher={JSTOR}
}

@inproceedings{wick2011geonames,
  title={GeoNames},
  author={Wick, Marc and Boutreux, C},
  booktitle={Symposium on Space-Time Integration in Geography and GIScience},
  volume={201},
  number={1},
  year={2011}
}

@article{singhal2012introducing,
  title={Introducing the knowledge graph: things, not strings},
  author={Singhal, Amit},
  journal={Official Google Blog, May},
  year={2012}
}

@article{nie2012statistical,
  title={Statistical entity extraction from the web},
  author={Nie, Zaiqing and Wen, Ji-Rong and Ma, Wei-Ying},
  journal={Proceedings of the IEEE},
  volume={100},
  number={9},
  pages={2675--2687},
  year={2012},
  publisher={IEEE}
}

@inproceedings{wu2012probase,
  title={Probase: A probabilistic taxonomy for text understanding},
  author={Wu, Wentao and Li, Hongsong and Wang, Haixun and Zhu, Kenny Q},
  booktitle={Proceedings of the 2012 ACM SIGMOD International Conference on Management of Data},
  pages={481--492},
  year={2012},
  organization={ACM}
}

@article{ferrucci2012introduction,
  title={Introduction to “this is watson”},
  author={Ferrucci, David A},
  journal={IBM Journal of Research and Development},
  volume={56},
  number={3.4},
  pages={1--1},
  year={2012},
  publisher={IBM}
}
